
@Article{sample_bib,
  author	= 	 {Author Laus and Author Two},
  title		= 	 {A Sample Publication},
  year		= 	 {2010},
  journal	=	{oe}
}
